@inproceedings{artigo_pesquisa_acao,
 author = {Petersen, Kai and Gencel, Cigdem and Asghari, Negin and Baca, Dejan and Betz, Stefanie},
 title = {Action Research As a Model for Industry-academia Collaboration in the Software Engineering Context},
 booktitle = {Proceedings of the 2014 International Workshop on Long-term Industrial Collaboration on Software Engineering},
 series = {WISE '14},
 year = {2014},
 isbn = {978-1-4503-3045-9},
 location = {Vasteras, Sweden},
 pages = {55--62},
 numpages = {8},
 url = {http://doi.acm.org/10.1145/2647648.2647656},
 doi = {10.1145/2647648.2647656},
 acmid = {2647656},
 publisher = {ACM},
 address = {New York, NY, USA},
 keywords = {action research, industry-academia collaboration, software engineering},
} 

@book{cohn06,
 author = "Mike Cohn",
 title = "Agile estimating and planning",
 year = "2006",
 publisher = "Pearson Education, Inc",
 isbn = "0-13-147941-5"
}

@misc{scrum13,
 author = "Ken Schwaber AND Jeff Sutherland",
 title = "Guia do Scrum",
 month = "July",
 year = "2013"
}

@misc{grenning02,
 author = "James Grenning",
 title = "Planning Poker or How to avoid analysis paralysis while release planning",
 month = "April",
 year = "2002"
}

@BOOK{iso15939,
  title = {ISO/IEC 15939. Systems and software engineering -- Measurement process},
  publisher = {ISO/IEC},
  year = {2007},
  author = {ISO/IEC}
}